@article{clark1986magnetic,
  title={Magnetic and gravity anomalies of a triaxial ellipsoid},
  author={Clark, DA and Saul, SJ and Emerson, DW},
  journal={Exploration Geophysics},
  volume={17},
  number={4},
  pages={189--200},
  year={1986},
  publisher={Australian Society of Exploration Geophysicists (ASEG) PO Box 8463, Perth Business Centre WA 6849 Australia}
}

@article{clark2014methods,
	title={Methods for determining remanent and total magnetisations of magnetic sources--a review},
	author={Clark, David A},
	journal={Exploration Geophysics},
	volume={45},
	number={4},
	pages={271--304},
	year={2014},
	publisher={Korean Society of Earth and Exploration Geophysicists (KSEG) PO Box 8463, Perth Business Centre WA 6849 Australia}
}

@article{emerson1985magnetic,
	title={Magnetic exploration models incorporating remanence, demagnetization and anisotropy: HP 41C handheld computer algorithms},
	author={Emerson, Donald Westland and Clark, DA and Saul, SJ},
	journal={Exploration Geophysics},
	volume={16},
	number={1},
	pages={1--122},
	year={1985},
	publisher={Australian Society of Exploration Geophysicists (ASEG) PO Box 8463, Perth Business Centre WA 6849 Australia}
}

@book{blakely1996potential,
	title={Potential theory in gravity and magnetic applications},
	author={Blakely, Richard J},
	year={1996},
	publisher={Cambridge University Press}
}

@article{nabighian2005historical,
	title={The historical development of the magnetic method in exploration},
	author={Nabighian, Misac N and Grauch, VJS and Hansen, RO and LaFehr, TR and Li, Y and Peirce, JW and Phillips, JD and Ruder, ME},
	journal={Geophysics},
	volume={70},
	number={6},
	pages={33--61},
	year={2005},
	publisher={Society of Exploration Geophysicists}
}

@article{nabighian2005historicalgrav,
	title={The historical development of the gravity method in exploration},
	author={Nabighian, Misac N and Grauch, VJS and Hansen, RO and LaFehr, TR and Li, Y and Peirce, JW and Phillips, JD and Ruder, ME},
	journal={Geophysics},
	volume={70},
	number={6},
	pages={63--89},
	year={2005},
	publisher={Society of Exploration Geophysicists}
}

@article{oliveira2015estimation,
	title={Estimation of the total magnetization direction of approximately spherical bodies},
	author={Oliveira Jr, VC and Sales, DP and Barbosa, VCF and Uieda, L},
	journal={Nonlinear Processes in Geophysics},
	volume={22},
	number={2},
	pages={215--232},
	year={2015},
	publisher={Copernicus GmbH}
}

@article{farrar1979some,
	title={Some comments on detailed magnetic investigations of ellipsoidal bodies at Tennant Creek},
	author={Farrar, LJD},
	journal={Exploration Geophysics},
	volume={10},
	number={1},
	pages={26--33},
	year={1979},
	publisher={Australian Society of Exploration Geophysicists (ASEG) PO Box 8463, Perth Business Centre WA 6849 Australia}
}

@article{maxwell1954electricity,
	title={Electricity and magnetism},
	author={Maxwell, James Clerk},
	year={1954},
	publisher={Dover}
}

@book{maxwell1881treatise,
	title={A treatise on electricity and magnetism},
	author={Maxwell, James Clerk},
	volume={1},
	year={1881},
	publisher={Clarendon press}
}

@article{dirichlet1839nouvelle,
	title={Sur un nouvelle methode pour la determination des integrales multiples},
	author={Dirichlet, Peter Gustav Lejeune},
	journal={Comp. Rend. Acad. Science},
	volume={8},
	pages={156--160},
	year={1839}
}

@book{grant1965interpretation,
	title={Interpretation theory in applied geophysics},
	author={Grant, Fraser S and West, Gordon Fox},
	year={1965},
	publisher={McGraw-Hill Book}
}

@article{reford1964aeromagnetics,
	title={Aeromagnetics},
	author={Reford, MS and Sumner, JS},
	journal={Geophysics},
	volume={29},
	number={4},
	pages={482--516},
	year={1964},
	publisher={Society of Exploration Geophysicists}
}

@article{hanna1924some,
	title={Some historical notes on early magnetic surveying in the US Geological Survey},
	author={Hanna, WF},
	journal={Geologic applications of modern aeromagnetic surveys: US Geological Survey Bulletin},
	pages={63--73},
	year={1924}
}

@article{stoner1945xcvii,
  title={XCVII. The demagnetizing factors for ellipsoids},
  author={Stoner, Edmund C},
  journal={The London, Edinburgh, and Dublin Philosophical Magazine and Journal of Science},
  volume={36},
  number={263},
  pages={803--821},
  year={1945},
  publisher={Taylor \& Francis}
}

@article{tejedor1995external,
  title={External fields created by uniformly magnetized ellipsoids and spheroids},
  author={Tejedor, M and Rubio, H and Elbaile, L and Iglesias, R},
  journal={IEEE transactions on magnetics},
  volume={31},
  number={1},
  pages={830--836},
  year={1995},
  publisher={IEEE}
}

@article{thomson1879and,
  title={Treatise on Natural Philosophy},
  author={Thomson, W and Tait, PG},
  journal={Part II,‚Äù Cambridge University Press, Cambridge},
  year={1879}
}

@article{guo1998self,
  title={Self demagnetisation corrections in magnetic modelling: some examples},
  author={Guo, Wanwu and Dentith, Michael C and Li, Zhengxiang and Powell, Chris McA},
  journal={Exploration Geophysics},
  volume={29},
  number={3/4},
  pages={396--401},
  year={1998},
  publisher={Australian Society of Exploration Geophysicists (ASEG) PO Box 8463, Perth Business Centre WA 6849 Australia}
}

@article{guo2001systematic,
  title={Systematic error analysis of demagnetization and implications for magnetic interpretation},
  author={Guo, Wanwu and Dentith, Michael C and Bird, Robert T and Clark, David A},
  journal={Geophysics},
  volume={66},
  number={2},
  pages={562--570},
  year={2001},
  publisher={Society of Exploration Geophysicists}
}

@article{bulirsch1965numericalI,
  title={Numerical calculation of elliptic integrals and elliptic functions},
  author={Bulirsch, Roland},
  journal={Numerische Mathematik},
  volume={7},
  number={1},
  pages={78--90},
  year={1965},
  publisher={Springer}
}

@article{bulirsch1965numericalII,
  title={Numerical calculation of elliptic integrals and elliptic functions. II},
  author={Bulirsch, Roland},
  journal={Numerische Mathematik},
  volume={7},
  number={4},
  pages={353--354},
  year={1965},
  publisher={Springer}
}

@article{bulirsch1969numericalIII,
  title={Numerical calculation of elliptic integrals and elliptic functions. III},
  author={Bulirsch, Roland},
  journal={Numerische Mathematik},
  volume={13},
  number={4},
  pages={305--315},
  year={1969},
  publisher={Springer}
}

@article{hoschke1991geophysical,
  title={Geophysical discovery and evaluation of the West Peko copper-gold deposit, Tennant Creek},
  author={Hoschke, T},
  journal={Exploration Geophysics},
  volume={22},
  number={3},
  pages={485--495},
  year={1991},
  publisher={Australian Society of Exploration Geophysicists (ASEG) PO Box 8463, Perth Business Centre WA 6849 Australia}
}

@article{hrouda1982magnetic,
  title={Magnetic anisotropy of rocks and its application in geology and geophysics},
  author={Hrouda, Franti{\v{s}}ek},
  journal={Geophysical surveys},
  volume={5},
  number={1},
  pages={37--82},
  year={1982},
  publisher={Springer}
}

@article{osborn1945demagnetizing,
  title={Demagnetizing factors of the general ellipsoid},
  author={Osborn, JA},
  journal={Physical review},
  volume={67},
  number={11-12},
  pages={351},
  year={1945},
  publisher={APS}
}

@article{cronemeyer1991demagnetization,
  title={Demagnetization factors for general ellipsoids},
  author={Cronemeyer, DC},
  journal={Journal of applied physics},
  volume={70},
  number={6},
  pages={2911--2914},
  year={1991},
  publisher={AIP Publishing}
}

@article{medeiros1995simultaneous,
  title={Simultaneous estimation of total magnetization direction and 3-D spatial orientation},
  author={Medeiros, Walter E and Silva, Joao BC},
  journal={Geophysics},
  volume={60},
  number={5},
  pages={1365--1377},
  year={1995},
  publisher={Society of Exploration Geophysicists}
}

@book{gubbins2007encyclopedia,
  title={Encyclopedia of geomagnetism and paleomagnetism},
  author={Gubbins, David and Herrero-Bervera, Emilio},
  year={2007},
  publisher={Springer Science \& Business Media}
}

@article{thompson1982euldph,
  title={EULDPH: A new technique for making computer-assisted depth estimates from magnetic data},
  author={Thompson, DT},
  journal={Geophysics},
  volume={47},
  number={1},
  pages={31--37},
  year={1982},
  publisher={Society of Exploration Geophysicists}
}

@article{barbosa2011reconstruction,
  title={Reconstruction of geologic bodies in depth associated with a sedimentary basin using gravity and magnetic data},
  author={Barbosa, Val{\'e}ria CF and Silva, Jo{\~a}o BC},
  journal={Geophysical Prospecting},
  volume={59},
  number={6},
  pages={1021--1034},
  year={2011},
  publisher={Wiley Online Library}
}

@article{chang1961fields,
  title={Fields external to open-structure magnetic devices represented by ellipsoid or spheroid},
  author={Chang, Hsu},
  journal={British Journal of Applied Physics},
  volume={12},
  number={4},
  pages={160},
  year={1961},
  publisher={IOP Publishing}
}

@article{peake1953magnetic,
  title={The magnetic fields produced by uniformly magnetized ellipsoids of revolution},
  author={Peake, HJ and Davy, N},
  journal={British Journal of Applied Physics},
  volume={4},
  number={7},
  pages={207},
  year={1953},
  publisher={IOP Publishing}
}